<?xml version="1.0" encoding="UTF-8"?>
<?xml-stylesheet type="text/xsl" href="https://www.revistas.usp.br/lib/pkp/xml/oai2.xsl" ?>
<OAI-PMH xmlns="http://www.openarchives.org/OAI/2.0/" xmlns:xsi="http://www.w3.org/2001/XMLSchema-instance" xsi:schemaLocation="http://www.openarchives.org/OAI/2.0/ http://www.openarchives.org/OAI/2.0/OAI-PMH.xsd">
<responseDate>2023-08-07T14:49:56Z</responseDate>
<request verb="ListRecords" metadataPrefix="marcxml" set="actafisiatrica">https://www.revistas.usp.br/actafisiatrica/oai</request>
<ListRecords>
<record>
<header>
<identifier>oai:revistas.usp.br:article/102365</identifier>
<datestamp>2020-07-31T23:21:17Z</datestamp>
<setSpec>actafisiatrica:Art.+Orig.</setSpec>
<setSpec>driver</setSpec>
</header>
<metadata>
<record xmlns="http://www.loc.gov/MARC21/slim" xmlns:xsi="http://www.w3.org/2001/XMLSchema-instance" xsi:schemaLocation="http://www.loc.gov/MARC21/slim http://www.loc.gov/standards/marcxml/schema/MARC21slim.xsd">
<leader>     nmb a2200000Iu 4500</leader>
<controlfield tag="008">"020809 2002                        eng  "</controlfield>
<datafield tag="022" ind1="#" ind2="#">
<subfield code="$a">2317-0190</subfield>
</datafield>
<datafield tag="022" ind1="#" ind2="#">
<subfield code="$a">0104-7795</subfield>
</datafield>
<datafield tag="042" ind1=" " ind2=" ">
<subfield code="a">dc</subfield>
</datafield>
<datafield tag="245" ind1="0" ind2="0">
<subfield code="a">Epidemiologia da paralisia cerebral</subfield>
</datafield>  <datafield tag="720" ind1="1" ind2=" ">
<subfield code="a">Pato, Tamara Rodrigues</subfield>
<subfield code="u">Faculdade de Ciências Médicas de Santos</subfield></datafield>
<datafield tag="720" ind1="1" ind2=" ">
<subfield code="a">Pato, Thais Rodrigues</subfield>
<subfield code="u">Universidade de São Paulo. Faculdade de Medicina</subfield></datafield>
<datafield tag="720" ind1="1" ind2=" ">
<subfield code="a">Souza, Daniel Rúbio de</subfield>
<subfield code="u">Universidade de São Paulo. Faculdade de Medicina</subfield></datafield>
<datafield tag="720" ind1="1" ind2=" ">
<subfield code="a">Leite, Heitor Pons</subfield>
<subfield code="u">Faculdade de Ciências Médicas de Santos</subfield></datafield>
<datafield tag="520" ind1=" " ind2=" ">
<subfield code="a"> Introdução: existe grande interesse em encontrar um fator etiológico determinante para a paralisia cerebral, pois seria possível realizar uma abordagem profilática para a doença. Na literatura são acusados diversos fatores de risco, e muitos autores sugerem que seja uma doença multifatorial.Também se pesquisou sobre possíveis fatores protetores, expectativa de vida e principais causas de morte, visando encontrar possíveis formas de prevenção de acidentes ou de melhora de qualidade de vida. Materiais e métodos: revisão sistemática da literatura, baseada em 40 artigos encontrados nos sites da Bireme, Lilacs e Pubmed, além de dois livros de edição recente. Resultados: os fatores de risco mais citados foram hipóxia perinatal, prematuridade e infecção materna intra-uterina. Outros fatores apontados são gestação múltipla, corioamnionite e trombofilia. O uso de corticóide no período antenatal foi referido como fator protetor. Alguns autores também referem pré-eclâmpsia e a administração de sulfato de magnésio, entretanto, ainda há controvérsias.As principais causas de morte apontadas foram as respiratórias, principalmente as pneumonias. Outras causas são obstrução intestinal (como volvo), afogamentos e atropelamentos. Conclusão: não existe um fator determinante específico para a paralisia cerebral (PC). A hipóxia e a isquemia perinatal têm maior contribuição que outros fatores, mas dependem da intensidade e do período em que ocorrem. Os trabalhos sobre fatores protetores são insuficientes para confirmar sua real eficácia. A principal causa de morte são as doenças respiratórias. É possível reduzir a incidência de afogamentos e atropelamentos por meio de orientação e reabilitação. </subfield>
</datafield>
<datafield tag="260" ind1=" " ind2=" ">
<subfield code="b">Faculdade de Medicina, Universidade de São Paulo</subfield>
</datafield>
<dataField tag="260" ind1=" " ind2=" ">
<subfield code="c">2002-08-09 00:00:00</subfield>
</dataField>   <datafield tag="856" ind1=" " ind2=" ">
<subfield code="q">application/pdf</subfield>
</datafield>
<datafield tag="856" ind1="4" ind2="0">
<subfield code="u">https://www.revistas.usp.br/actafisiatrica/article/view/102365</subfield>
</datafield>  <datafield tag="786" ind1="0" ind2=" ">
<subfield code="n">Acta Fisiátrica; v. 9 n. 2 (2002)</subfield>
</datafield>  <datafield tag="546" ind1=" " ind2=" ">
<subfield code="a">por</subfield>
</datafield>   <datafield tag="540" ind1=" " ind2=" ">
<subfield code="a">Copyright (c) 2002 Acta Fisiátrica</subfield>
</datafield>
</record>
</metadata>
</record>