
<record>
<header>
<identifier>oai:revistas.usp.br:article/102366</identifier>
<datestamp>2020-07-31T23:21:19Z</datestamp>
<setSpec>actafisiatrica:Art.+Orig.</setSpec>
<setSpec>driver</setSpec>
</header>
<metadata>
<record xmlns="http://www.loc.gov/MARC21/slim" xmlns:xsi="http://www.w3.org/2001/XMLSchema-instance" xsi:schemaLocation="http://www.loc.gov/MARC21/slim http://www.loc.gov/standards/marcxml/schema/MARC21slim.xsd">
<leader>     nmb a2200000Iu 4500</leader>
<controlfield tag="008">"020809 2002                        eng  "</controlfield>
<datafield tag="022" ind1="#" ind2="#">
<subfield code="$a">2317-0190</subfield>
</datafield>
<datafield tag="022" ind1="#" ind2="#">
<subfield code="$a">0104-7795</subfield>
</datafield>
<datafield tag="042" ind1=" " ind2=" ">
<subfield code="a">dc</subfield>
</datafield>
<datafield tag="245" ind1="0" ind2="0">
<subfield code="a">Epidemiologia das lesões do sistema locomotor em atletas de basquetebol</subfield>
</datafield>  <datafield tag="720" ind1="1" ind2=" ">
<subfield code="a">Gantus, Mario Cardoso</subfield>
<subfield code="u">Universidade de Mogi das Cruzes</subfield></datafield>
<datafield tag="720" ind1="1" ind2=" ">
<subfield code="a">Assumpção, Jurandyr D’Ávila</subfield>
<subfield code="u">Universidade de Guarulhos</subfield></datafield>
<datafield tag="520" ind1=" " ind2=" ">
<subfield code="a"> Este estudo tem o objetivo de identificar as lesões do sistema locomotor mais freqüentes nos atletas de basquetebol, suas características e os segmentos corpóreos mais acometidos. Foram entrevistados 59 atletas entre 18 e 39 anos de sete equipes de São Paulo, por meio de um questionário com dados pessoais, perfil de atuação nos treinos e jogos e histórico das lesões com diagnóstico clínico. No total, foram relatadas 455 lesões, e a lesão mais freqüente foi o entorse do tornozelo, 49 (10,8%). Quanto à fase de ocorrência, 356 (78,2%) das lesões ocorreram na temporada. O momento de ocorrência predominante foi nos treinos, 242 (53,2%). Quanto à gravidade das lesões, 131 (28,9%) de primeiro grau, 171 (37,6% ) de segundo grau e 153 (33,5%) de terceiro grau. Na análise das lesões e da posição do atleta no jogo, os laterais apresentaram como as regiões mais acometidas a face (16,6%) e a coluna dorsolombar (12,8%). Nos pivôs, as regiões mais atingidas foram a face (18,3%), as mãos e os dedos (18,3%) e os joelhos (15%). O tornozelo foi a região mais acometida nos armadores (18,6%) em comparação às outras regiões citadas. As lesões típicas do basquetebol e as regiões mais acometidas foram: 1) os ferimentos nos olhos e na boca, por causa da dinâmica do jogo, da estatura dos pivôs e da atitude dos seus cotovelos; 2) os entorses do tornozelo, por causa da falta de proteção; 3) as tendinites patelares como resultado do supertreinamento; 4) as contusões interfalangeanas, pela disputa constante pela bola; 5) os distúrbios dorsolombares, por causa dos impactos, da agressividade e da postura dos atletas. </subfield>
</datafield>
<datafield tag="260" ind1=" " ind2=" ">
<subfield code="b">Faculdade de Medicina, Universidade de São Paulo</subfield>
</datafield>
<dataField tag="260" ind1=" " ind2=" ">
<subfield code="c">2002-08-09 00:00:00</subfield>
</dataField>   <datafield tag="856" ind1=" " ind2=" ">
<subfield code="q">application/pdf</subfield>
</datafield>
<datafield tag="856" ind1="4" ind2="0">
<subfield code="u">https://www.revistas.usp.br/actafisiatrica/article/view/102366</subfield>
</datafield>  <datafield tag="786" ind1="0" ind2=" ">
<subfield code="n">Acta Fisiátrica; v. 9 n. 2 (2002)</subfield>
</datafield>  <datafield tag="546" ind1=" " ind2=" ">
<subfield code="a">por</subfield>
</datafield>   <datafield tag="540" ind1=" " ind2=" ">
<subfield code="a">Copyright (c) 2002 Acta Fisiátrica</subfield>
</datafield>
</record>
</metadata>
</record>