
<record>
<header>
<identifier>oai:revistas.usp.br:article/102370</identifier>
<datestamp>2020-07-31T23:24:41Z</datestamp>
<setSpec>actafisiatrica:Art.+Orig.</setSpec>
<setSpec>driver</setSpec>
</header>
<metadata>
<record xmlns="http://www.loc.gov/MARC21/slim" xmlns:xsi="http://www.w3.org/2001/XMLSchema-instance" xsi:schemaLocation="http://www.loc.gov/MARC21/slim http://www.loc.gov/standards/marcxml/schema/MARC21slim.xsd">
<leader>     nmb a2200000Iu 4500</leader>
<controlfield tag="008">"021209 2002                        eng  "</controlfield>
<datafield tag="022" ind1="#" ind2="#">
<subfield code="$a">2317-0190</subfield>
</datafield>
<datafield tag="022" ind1="#" ind2="#">
<subfield code="$a">0104-7795</subfield>
</datafield>
<datafield tag="042" ind1=" " ind2=" ">
<subfield code="a">dc</subfield>
</datafield>
<datafield tag="245" ind1="0" ind2="0">
<subfield code="a">O processo de conscientização do déficit de memória na pessoa portadora de lesão cerebral</subfield>
</datafield>  <datafield tag="720" ind1="1" ind2=" ">
<subfield code="a">Schewinsky, Sandra Regina</subfield>
<subfield code="u">Universidade de São Paulo. Faculdade de Medicina</subfield></datafield>
<datafield tag="720" ind1="1" ind2=" ">
<subfield code="a">Ghiringhello, Luccia</subfield>
<subfield code="u">Universidade São Marcos</subfield></datafield>
<datafield tag="520" ind1=" " ind2=" ">
<subfield code="a"> O presente trabalho tem como foco o processo de conscientização do déficit de memória na pessoa acometida de lesão cerebral. Sua relevância deve-se ao fato de que vários indivíduos, inclusive jovens, sofrem danos neurológicos que acarretam prejuízos na atividade mnemônica sem apresentarem consciência disso, fato que interfere em suas performances como um todo, dificultando o processo de reabilitação. Os pressupostos da teoria sócio-histórica subsidiam esta investigação. A pesquisa trata de um estudo de caso, baseada no paradigma qualitativo para seu entendimento. Thyago, o sujeito deste estudo, é um jovem que se encontra em processo de reabilitação na Divisão de Medicina de Reabilitação do Hospital das Clínicas da Faculdade de Medicina da Universidade de São Paulo, porque sofreu traumatismo craniencefálico, tendo como seqüelas dificuldades de memória e diminuição da amplitude da consciência. Os resultados visam contribuir para maior entendimento dos prejuízos da pessoa lesada cerebralmente, ilustrando como se dá o processo de conscientização dos déficits de memória na interação com o outro, podendo assim colaborar na terapêutica psicológica que engloba a reorganização das atividades cognitivas. </subfield>
</datafield>
<datafield tag="260" ind1=" " ind2=" ">
<subfield code="b">Faculdade de Medicina, Universidade de São Paulo</subfield>
</datafield>
<dataField tag="260" ind1=" " ind2=" ">
<subfield code="c">2002-12-09 00:00:00</subfield>
</dataField>   <datafield tag="856" ind1=" " ind2=" ">
<subfield code="q">application/pdf</subfield>
</datafield>
<datafield tag="856" ind1="4" ind2="0">
<subfield code="u">https://www.revistas.usp.br/actafisiatrica/article/view/102370</subfield>
</datafield>  <datafield tag="786" ind1="0" ind2=" ">
<subfield code="n">Acta Fisiátrica; v. 9 n. 3 (2002)</subfield>
</datafield>  <datafield tag="546" ind1=" " ind2=" ">
<subfield code="a">por</subfield>
</datafield>   <datafield tag="540" ind1=" " ind2=" ">
<subfield code="a">Copyright (c) 2002 Acta Fisiátrica</subfield>
</datafield>
</record>
</metadata>
</record>