
<record>
<header>
<identifier>oai:revistas.usp.br:article/102371</identifier>
<datestamp>2020-07-31T23:24:47Z</datestamp>
<setSpec>actafisiatrica:Art.+Orig.</setSpec>
<setSpec>driver</setSpec>
</header>
<metadata>
<record xmlns="http://www.loc.gov/MARC21/slim" xmlns:xsi="http://www.w3.org/2001/XMLSchema-instance" xsi:schemaLocation="http://www.loc.gov/MARC21/slim http://www.loc.gov/standards/marcxml/schema/MARC21slim.xsd">
<leader>     nmb a2200000Iu 4500</leader>
<controlfield tag="008">"021209 2002                        eng  "</controlfield>
<datafield tag="022" ind1="#" ind2="#">
<subfield code="$a">2317-0190</subfield>
</datafield>
<datafield tag="022" ind1="#" ind2="#">
<subfield code="$a">0104-7795</subfield>
</datafield>
<datafield tag="042" ind1=" " ind2=" ">
<subfield code="a">dc</subfield>
</datafield>
<datafield tag="245" ind1="0" ind2="0">
<subfield code="a">Síndrome miofascial: comparação entre o tratamento com infiltração de trigger points e medicação oral (ciclobenzaprina)</subfield>
</datafield>  <datafield tag="720" ind1="1" ind2=" ">
<subfield code="a">Furtado, Rita Nely Vilar</subfield>
<subfield code="u">Universidade Federal de São Paulo</subfield></datafield>
<datafield tag="720" ind1="1" ind2=" ">
<subfield code="a">Carazzato, Simone</subfield>
<subfield code="u">Universidade Federal de São Paulo</subfield></datafield>
<datafield tag="720" ind1="1" ind2=" ">
<subfield code="a">Farias, Carolinne Atta</subfield>
<subfield code="u">Universidade Federal de São Paulo</subfield></datafield>
<datafield tag="720" ind1="1" ind2=" ">
<subfield code="a">Chamlian, Therezinha Rosane</subfield>
<subfield code="u">Universidade Federal de São Paulo</subfield></datafield>
<datafield tag="720" ind1="1" ind2=" ">
<subfield code="a">Masiero, Danilo</subfield>
<subfield code="u">Universidade Federal de São Paulo</subfield></datafield>
<datafield tag="520" ind1=" " ind2=" ">
<subfield code="a"> Objetivo: Comparar os efeitos da infiltração de trigger points com xilocaína a 1% com o uso da ciclobenzaprina no tratamento a curto prazo da síndrome miofascial (SMF) de trapézio. Material e métodos: Estudo prospectivo controlado randomizado com avaliador “cego” em 38 pacientes com SMF de trapézio. Intervenção realizada no grupo teste (IF) (n = 18): infiltração com xilocaína a 1% em, no máximo, 06 trigger points de trapézio; no grupo-controle (CB) (n = 20) foi fornecido 10 mg/dia de ciclobenzaprina por 15 dias. Os pacientes foram avaliados no tempo zero (T0), em sete (T7), quinze (T15) e trinta dias (T30). Instrumentos de avaliação: escala visual analógica de dor global (EVA de dor global), escala visual analógica de dor à compressão digital de trigger points (EVA de dor à compressão), questionário resumido para dor de McGill. Foi realizada a avaliação da reprodutibilidade interobservador (RI) para EVA de dor à compressão digital. Resultados: Os pacientes apresentaram na avaliação inicial a média de trigger points de 2,0 (+ 0,5), taut band de 3,05 (+ 0,8) e tender spots de 4,64 (+ 1,15). A RI para EVA à compressão mostrou-se boa (pearson &gt; 0,8). Observou-se tendência (p &gt; 0,05) a maior variação do escore de dor (McGill) no grupo-teste, maior variação do tipo de dor e maior incidência de efeitos colaterais no grupo-controle. Ambos os grupos melhoraram ao término do acompanhamento (p &lt; 0,05). A média das variações da EVA de dor global no T7 (-24,2% (+62,8 CB X -40% + 50,9 IF p = 0,19), T15 (-37,6% + 48,4 CB X -50% + 44,8 IF p = 0,3) e T30 (-50% + 60 CB X -70,8% +44,7 IF p = 0,14) foi maior no grupo-teste porém sem significância estatística. Esta tendência também se observou na média das variações da EVA de dor à compressão digital no T7 (-26,8% + 35,34 CB X - 46,5% ( 44,4 IF p = 0,24), no T15 (-38,8% + 38,2 CB X -56,2% + 34,3 IF p = 0,44) e no T30 (-46,6% + 38 CB X -53% + 34,4 IF – p = 0,38), porém mais uma vez sem significância estatística. Conclusão: A semelhança do efeito da ciclobenzaprina com o da infiltração de trigger points permite a indicação da primeira no tratamento de pacientes com SMF de trapézio e questiona a indicação invariável da infiltração de trigger points. </subfield>
</datafield>
<datafield tag="260" ind1=" " ind2=" ">
<subfield code="b">Faculdade de Medicina, Universidade de São Paulo</subfield>
</datafield>
<dataField tag="260" ind1=" " ind2=" ">
<subfield code="c">2002-12-09 00:00:00</subfield>
</dataField>   <datafield tag="856" ind1=" " ind2=" ">
<subfield code="q">application/pdf</subfield>
</datafield>
<datafield tag="856" ind1="4" ind2="0">
<subfield code="u">https://www.revistas.usp.br/actafisiatrica/article/view/102371</subfield>
</datafield>  <datafield tag="786" ind1="0" ind2=" ">
<subfield code="n">Acta Fisiátrica; v. 9 n. 3 (2002)</subfield>
</datafield>  <datafield tag="546" ind1=" " ind2=" ">
<subfield code="a">por</subfield>
</datafield>   <datafield tag="540" ind1=" " ind2=" ">
<subfield code="a">Copyright (c) 2002 Acta Fisiátrica</subfield>
</datafield>
</record>
</metadata>
</record>