
<record>
<header>
<identifier>oai:revistas.usp.br:article/102372</identifier>
<datestamp>2020-07-31T23:24:50Z</datestamp>
<setSpec>actafisiatrica:Art.+Orig.</setSpec>
<setSpec>driver</setSpec>
</header>
<metadata>
<record xmlns="http://www.loc.gov/MARC21/slim" xmlns:xsi="http://www.w3.org/2001/XMLSchema-instance" xsi:schemaLocation="http://www.loc.gov/MARC21/slim http://www.loc.gov/standards/marcxml/schema/MARC21slim.xsd">
<leader>     nmb a2200000Iu 4500</leader>
<controlfield tag="008">"021209 2002                        eng  "</controlfield>
<datafield tag="022" ind1="#" ind2="#">
<subfield code="$a">2317-0190</subfield>
</datafield>
<datafield tag="022" ind1="#" ind2="#">
<subfield code="$a">0104-7795</subfield>
</datafield>
<datafield tag="042" ind1=" " ind2=" ">
<subfield code="a">dc</subfield>
</datafield>
<datafield tag="245" ind1="0" ind2="0">
<subfield code="a">Densidade mineral óssea após lesão medular</subfield>
</datafield>  <datafield tag="720" ind1="1" ind2=" ">
<subfield code="a">Brito, Christina May Moran de</subfield>
<subfield code="u">Universidade de São Paulo. Faculdade de Medicina</subfield></datafield>
<datafield tag="720" ind1="1" ind2=" ">
<subfield code="a">Battistella, Linamara Rizzo</subfield>
<subfield code="u">Universidade de São Paulo. Faculdade de Medicina</subfield><subfield code="0">https://orcid.org/0000-0001-5275-0733</subfield></datafield>
<datafield tag="720" ind1="1" ind2=" ">
<subfield code="a">Sakamoto, Hatsue</subfield>
<subfield code="u">Universidade de São Paulo. Faculdade de Medicina</subfield></datafield>
<datafield tag="720" ind1="1" ind2=" ">
<subfield code="a">Saito, Elizabete Tsubomi</subfield>
<subfield code="u">Universidade de São Paulo. Faculdade de Medicina</subfield></datafield>
<datafield tag="520" ind1=" " ind2=" ">
<subfield code="a"> A osteoporose é uma das reconhecidas complicações da lesão medular, mas na prática clínica muitas vezes tem sido deixada para segundo plano quando comparada às outras complicações decorrentes da lesão. Grande parte da perda óssea ocorre nos primeiros quatro a seis meses após a lesão e se estabiliza doze a dezesseis meses após. Ocorre em todos os segmentos, mas é mais acentuada nos segmentos paralisados, situando-se em torno de 4% ao mês em áreas ricas em osso trabecular e 2% ao mês em áreas com predomínio de osso cortical no primeiro ano após a lesão. A incidência de fraturas se situa entre 1% a 7% e estas são muitas vezes decorrentes de traumas mínimos. Os mecanismos envolvidos na perda óssea não estão totalmente esclarecidos. Trabalhos com ortostatismo e cinesioterapia não demonstraram benefício significativo no que diz respeito à redução da perda de massa óssea e trabalhos com estimulação elétrica funcional apresentam resultados divergentes, parecendo resultar em algum benefício local. O uso de medicação anti-reabsortiva parece constituir opção promissora, juntamente com a ingesta diária adequada de cálcio, mas estudos são ainda necessários para este fim. Este estudo teve como objetivo avaliar o impacto da lesão medular na densidade mineral óssea de 20 pacientes lesados medulares crônicos em acompanhamento ambulatorial na Divisão de Medicina de Reabilitação do Hospital das Clínicas da Faculdade de Medicina da Universidade de São Paulo e possíveis fatores de influência sobre o padrão de perda óssea. Os métodos utilizados incluíram exames clínico e laboratorial e densitometria óssea de corpo inteiro. Foram incluídos nesse estudo 15 homens e 5 mulheres, entre 17 e 50 anos (mulheres até 35 anos), sendo 8 com tetraplegia e 12 com paraplegia, e o tempo de lesão variou de 10 meses a 10 anos. A avaliação densitométrica não evidenciou diferença significativa entre pacientes com e sem espasticidade. Também não houve correlação entre a porcentagem de massa magra e a densidade mineral óssea. A dissociação da densidade mineral óssea entre a coluna lombar e a pelve, com maior perda óssea em nível da pelve, foi um achado comum. A maior perda foi evidenciada em membros inferiores com média de -3,3 desvios-padrão em comparação ao pico de massa óssea do adulto jovem. Conclui-se então que tanto pacientes tetraplégicos quanto paraplégicos apresentam perda óssea significativa, particularmente em pelve e membros inferiores, sem influência do grau de espasticidade. </subfield>
</datafield>
<datafield tag="260" ind1=" " ind2=" ">
<subfield code="b">Faculdade de Medicina, Universidade de São Paulo</subfield>
</datafield>
<dataField tag="260" ind1=" " ind2=" ">
<subfield code="c">2002-12-09 00:00:00</subfield>
</dataField>   <datafield tag="856" ind1=" " ind2=" ">
<subfield code="q">application/pdf</subfield>
</datafield>
<datafield tag="856" ind1="4" ind2="0">
<subfield code="u">https://www.revistas.usp.br/actafisiatrica/article/view/102372</subfield>
</datafield>  <datafield tag="786" ind1="0" ind2=" ">
<subfield code="n">Acta Fisiátrica; v. 9 n. 3 (2002)</subfield>
</datafield>  <datafield tag="546" ind1=" " ind2=" ">
<subfield code="a">por</subfield>
</datafield>   <datafield tag="540" ind1=" " ind2=" ">
<subfield code="a">Copyright (c) 2002 Acta Fisiátrica</subfield>
</datafield>
</record>
</metadata>
</record>