
<record>
<header>
<identifier>oai:revistas.usp.br:article/102373</identifier>
<datestamp>2020-07-31T23:24:54Z</datestamp>
<setSpec>actafisiatrica:Art.+Rev.</setSpec>
<setSpec>driver</setSpec>
</header>
<metadata>
<record xmlns="http://www.loc.gov/MARC21/slim" xmlns:xsi="http://www.w3.org/2001/XMLSchema-instance" xsi:schemaLocation="http://www.loc.gov/MARC21/slim http://www.loc.gov/standards/marcxml/schema/MARC21slim.xsd">
<leader>     nmb a2200000Iu 4500</leader>
<controlfield tag="008">"021209 2002                        eng  "</controlfield>
<datafield tag="022" ind1="#" ind2="#">
<subfield code="$a">2317-0190</subfield>
</datafield>
<datafield tag="022" ind1="#" ind2="#">
<subfield code="$a">0104-7795</subfield>
</datafield>
<datafield tag="042" ind1=" " ind2=" ">
<subfield code="a">dc</subfield>
</datafield>
<datafield tag="245" ind1="0" ind2="0">
<subfield code="a">A utilização do biofeedback no tratamento fisioterápico da paralisia facial periférica</subfield>
</datafield>  <datafield tag="720" ind1="1" ind2=" ">
<subfield code="a">Goulart, Fátima</subfield>
<subfield code="u">Universidade Federal de Minas Gerais</subfield></datafield>
<datafield tag="720" ind1="1" ind2=" ">
<subfield code="a">Vasconcelos, Karina Simone de Souza</subfield>
<subfield code="u">Universidade Federal de Minas Gerais</subfield></datafield>
<datafield tag="720" ind1="1" ind2=" ">
<subfield code="a">Souza, Margareth Rosy Vilasboas de</subfield>
<subfield code="u">Universidade Federal de Minas Gerais</subfield></datafield>
<datafield tag="720" ind1="1" ind2=" ">
<subfield code="a">Pontes, Patricia Barcelos</subfield>
<subfield code="u">Universidade Federal de Minas Gerais</subfield></datafield>
<datafield tag="520" ind1=" " ind2=" ">
<subfield code="a"> A paralisia facial periférica (PFP) é caracterizada como uma lesão do nervo facial que altera as funções da musculatura da face podendo ser causada por fatores traumáticos, infecciosos, idiopáticos e outros. Naqueles casos que evoluem para a forma crônica, as complicações mais comuns são o ressecamento corneano e as sincinesias. Além disso, essa doença gera incapacidades físicas, psicológicas e sociais. Várias técnicas fisioterápicas foram propostas para o tratamento da PFP, porém, muitas não consideram a especificidade do sistema neuromotor facial e nenhuma se destaca como sendo a mais efetiva. Esse artigo faz uma revisão bibliográfica sobre o uso do biofeedback na PFP, ressaltando técnicas, características e efeitos do tratamento. O biofeedback é uma técnica que utiliza referências visuais ou auditivas por meio da eletromiografia, do espelho ou de outros recursos, para fornecer ao indivíduo informações sobre sua performance motora. Essa técnica associada a exercícios específicos tem sido apontado como benéfico no tratamento da PFP. Os principais efeitos alcançados são a melhora do controle e da coordenação do movimento e a redução da assimetria e sincinesia, por um processo de aprendizado motor. Fatores como início precoce, maior duração do tratamento, acompanhamento posterior e adesão dos sujeitos parecem influenciar a obtenção de resultados positivos. Apesar das inúmeras vantagens apontadas na literatura para a utilização do biofeedback na PFP, os estudos revisados não consideram a heterogeneidade dos sujeitos submetidos ao tratamento e não determinam quais características realmente alteram a recuperação dos indivíduos em tratamento com biofeedback. Além disso, os efeitos do biofeedback a longo prazo não estão estabelecidos e a manutenção de um programa domiciliar orientado parece ser necessário. </subfield>
</datafield>
<datafield tag="260" ind1=" " ind2=" ">
<subfield code="b">Faculdade de Medicina, Universidade de São Paulo</subfield>
</datafield>
<dataField tag="260" ind1=" " ind2=" ">
<subfield code="c">2002-12-09 00:00:00</subfield>
</dataField>   <datafield tag="856" ind1=" " ind2=" ">
<subfield code="q">application/pdf</subfield>
</datafield>
<datafield tag="856" ind1="4" ind2="0">
<subfield code="u">https://www.revistas.usp.br/actafisiatrica/article/view/102373</subfield>
</datafield>  <datafield tag="786" ind1="0" ind2=" ">
<subfield code="n">Acta Fisiátrica; v. 9 n. 3 (2002)</subfield>
</datafield>  <datafield tag="546" ind1=" " ind2=" ">
<subfield code="a">por</subfield>
</datafield>   <datafield tag="540" ind1=" " ind2=" ">
<subfield code="a">Copyright (c) 2002 Acta Fisiátrica</subfield>
</datafield>
</record>
</metadata>
</record>