
<record>
<header>
<identifier>oai:revistas.usp.br:article/102374</identifier>
<datestamp>2020-07-31T23:24:57Z</datestamp>
<setSpec>actafisiatrica:Tend.+Refle.</setSpec>
<setSpec>driver</setSpec>
</header>
<metadata>
<record xmlns="http://www.loc.gov/MARC21/slim" xmlns:xsi="http://www.w3.org/2001/XMLSchema-instance" xsi:schemaLocation="http://www.loc.gov/MARC21/slim http://www.loc.gov/standards/marcxml/schema/MARC21slim.xsd">
<leader>     nmb a2200000Iu 4500</leader>
<controlfield tag="008">"021209 2002                        eng  "</controlfield>
<datafield tag="022" ind1="#" ind2="#">
<subfield code="$a">2317-0190</subfield>
</datafield>
<datafield tag="022" ind1="#" ind2="#">
<subfield code="$a">0104-7795</subfield>
</datafield>
<datafield tag="042" ind1=" " ind2=" ">
<subfield code="a">dc</subfield>
</datafield>
<datafield tag="245" ind1="0" ind2="0">
<subfield code="a">Autoria de um trabalho científico</subfield>
</datafield>  <datafield tag="100" ind1="1" ind2=" ">
<subfield code="a">Petroianu, Andy</subfield>
<subfield code="u">Universidade Federal de Minas Gerais</subfield></datafield>
<datafield tag="520" ind1=" " ind2=" ">
<subfield code="a"> Durante a elaboração de um trabalho científico, uma das dificuldades que por ventura podem ocorrer é a escolha dos participantes da pesquisa que devem compor a sua autoria. Situação ainda mais desagradável é a ordenação dos autores, de acordo com o mérito de cada um no trabalho. Objetivo: Apresentar, de maneira justificada, uma proposta para a autoria do trabalho científico, mediante a contribuição de cada membro da equipe de pesquisadores. Método : Foi realizada uma avaliação da maneira de se propor a autoria científica nos principais centros de pesquisa do Brasil e na literatura pertinente, para a aquisição de subsídios com vista à presente proposta. Resultados: São apresentados em ordem de entrada os principais autores do trabalho e aqueles que devem merecer apenas agradecimento. Propõe-se uma escala numérica, com vistas à participação de cada membro da equipe, para facilitar a inclusão de cada um dos autores. Conclusões: O mérito da autoria científica deve ser restrito aos participantes que tiveram uma colaboração intelectual ao trabalho realizado, aliada a uma contribuição efetiva para a pesquisa ser realizada e concluída. </subfield>
</datafield>
<datafield tag="260" ind1=" " ind2=" ">
<subfield code="b">Faculdade de Medicina, Universidade de São Paulo</subfield>
</datafield>
<dataField tag="260" ind1=" " ind2=" ">
<subfield code="c">2002-12-09 00:00:00</subfield>
</dataField>   <datafield tag="856" ind1=" " ind2=" ">
<subfield code="q">application/pdf</subfield>
</datafield>
<datafield tag="856" ind1="4" ind2="0">
<subfield code="u">https://www.revistas.usp.br/actafisiatrica/article/view/102374</subfield>
</datafield>  <datafield tag="786" ind1="0" ind2=" ">
<subfield code="n">Acta Fisiátrica; v. 9 n. 3 (2002)</subfield>
</datafield>  <datafield tag="546" ind1=" " ind2=" ">
<subfield code="a">por</subfield>
</datafield>   <datafield tag="540" ind1=" " ind2=" ">
<subfield code="a">Copyright (c) 2002 Acta Fisiátrica</subfield>
</datafield>
</record>
</metadata>
</record>