
<record>
<header>
<identifier>oai:revistas.usp.br:article/102394</identifier>
<datestamp>2020-08-01T09:52:09Z</datestamp>
<setSpec>actafisiatrica:Art.+Orig.</setSpec>
<setSpec>driver</setSpec>
</header>
<metadata>
<record xmlns="http://www.loc.gov/MARC21/slim" xmlns:xsi="http://www.w3.org/2001/XMLSchema-instance" xsi:schemaLocation="http://www.loc.gov/MARC21/slim http://www.loc.gov/standards/marcxml/schema/MARC21slim.xsd">
<leader>     nmb a2200000Iu 4500</leader>
<controlfield tag="008">"030409 2003                        eng  "</controlfield>
<datafield tag="022" ind1="#" ind2="#">
<subfield code="$a">2317-0190</subfield>
</datafield>
<datafield tag="022" ind1="#" ind2="#">
<subfield code="$a">0104-7795</subfield>
</datafield>
<datafield tag="042" ind1=" " ind2=" ">
<subfield code="a">dc</subfield>
</datafield>
<datafield tag="245" ind1="0" ind2="0">
<subfield code="a">Disfunções músculo-esqueléticas em pacientes com hipotireoidismo subclínico</subfield>
</datafield>  <datafield tag="720" ind1="1" ind2=" ">
<subfield code="a">Reuters, Vaneska Spinelli</subfield>
<subfield code="u">Universidade Federal do Rio de Janeiro</subfield></datafield>
<datafield tag="720" ind1="1" ind2=" ">
<subfield code="a">Teixeira, Patrícia de Fátima dos Santos</subfield>
<subfield code="u">Universidade Federal do Rio de Janeiro</subfield></datafield>
<datafield tag="720" ind1="1" ind2=" ">
<subfield code="a">Castro, Carmen Lucia Natividade de</subfield>
<subfield code="u">Universidade Federal do Rio de Janeiro</subfield></datafield>
<datafield tag="720" ind1="1" ind2=" ">
<subfield code="a">Almeida, Cloyra Pereira</subfield>
<subfield code="u">Universidade Federal do Rio de Janeiro</subfield></datafield>
<datafield tag="720" ind1="1" ind2=" ">
<subfield code="a">Cardoso, Helena Roisman</subfield>
<subfield code="u">Universidade Federal do Rio de Janeiro</subfield></datafield>
<datafield tag="720" ind1="1" ind2=" ">
<subfield code="a">Porciúncula, Igor Mamed</subfield>
<subfield code="u">Universidade Federal do Rio de Janeiro</subfield></datafield>
<datafield tag="720" ind1="1" ind2=" ">
<subfield code="a">Nobre, Thais Helena Serta</subfield>
<subfield code="u">Universidade Federal do Rio de Janeiro</subfield></datafield>
<datafield tag="720" ind1="1" ind2=" ">
<subfield code="a">Reis, Fabíola Alves Aarão</subfield>
<subfield code="u">Universidade Federal do Rio de Janeiro</subfield></datafield>
<datafield tag="720" ind1="1" ind2=" ">
<subfield code="a">Buescu, Alexandru</subfield>
<subfield code="u">Universidade Federal do Rio de Janeiro</subfield></datafield>
<datafield tag="720" ind1="1" ind2=" ">
<subfield code="a">Vaisman, Mario</subfield>
<subfield code="u">Universidade Federal do Rio de Janeiro</subfield></datafield>
<datafield tag="520" ind1=" " ind2=" ">
<subfield code="a"> O presente trabalho objetiva verificar a presença de alterações músculo-esqueléticas em pacientes com HS.  Avaliados 31 pacientes acompanhados no ambulatório de endocrinologia do HUCFF-UFRJ (27 mulheres e 2 homens com idade entre 18 e 75 anos) com pelo menos duas dosagens elevadas de TSH. Todos receberam uma pontuação (score) baseada na escala de Billewicz modificada por Zulewski. Foram aplicados testes musculares manuais (TMM) para as cinturas escapular e pelvica; medida a força muscular de quadríceps em dinamômetro de cadeira eletromecânico; e estimada a força dos músculos inspiratórios através do registro da pressão inspiratória máxima com manovacuômetro. Score &lt; 3 (normal) foi observado em 11 pacientes (35,5%); entre 3 e 5 (disfunção subclínica) em 14 (45,1%) e superior a 5 (hipotireoidismo) em 6 (19,4%). Fadiga foi uma queixa freqüente (45%) e apresentou associação positiva com score maior que 2. O comprometimento da força muscular periférica (alteração no TMM) foi encontrado em 14% dos pacientes. Diminuição grave da força inspiratória (&lt; 60% do previsto) estava presente em 28 participantes (51,6%). Nenhuma das demais alterações encontradas mostraram associação com o escore ou níveis de TSH. A redução da força muscular inspiratória e proximal pode contribuir para a referida fadiga. A ausência de associação estatística entre essas variáveis deverá ser melhor esclarecida com o aumento da amostra e com a inclusão de um grupo controle pareado além do desenvolvimento de um estudo prospectivo com utilização de levotiroxina e placebo. </subfield>
</datafield>
<datafield tag="260" ind1=" " ind2=" ">
<subfield code="b">Faculdade de Medicina, Universidade de São Paulo</subfield>
</datafield>
<dataField tag="260" ind1=" " ind2=" ">
<subfield code="c">2003-04-09 00:00:00</subfield>
</dataField>   <datafield tag="856" ind1=" " ind2=" ">
<subfield code="q">application/pdf</subfield>
</datafield>
<datafield tag="856" ind1="4" ind2="0">
<subfield code="u">https://www.revistas.usp.br/actafisiatrica/article/view/102394</subfield>
</datafield>  <datafield tag="786" ind1="0" ind2=" ">
<subfield code="n">Acta Fisiátrica; v. 10 n. 1 (2003)</subfield>
</datafield>  <datafield tag="546" ind1=" " ind2=" ">
<subfield code="a">por</subfield>
</datafield>   <datafield tag="540" ind1=" " ind2=" ">
<subfield code="a">Copyright (c) 2003 Acta Fisiátrica</subfield>
</datafield>
</record>
</metadata>
</record>