
<record>
<header>
<identifier>oai:revistas.usp.br:article/102409</identifier>
<datestamp>2020-08-01T09:52:15Z</datestamp>
<setSpec>actafisiatrica:Art.+Orig.</setSpec>
<setSpec>driver</setSpec>
</header>
<metadata>
<record xmlns="http://www.loc.gov/MARC21/slim" xmlns:xsi="http://www.w3.org/2001/XMLSchema-instance" xsi:schemaLocation="http://www.loc.gov/MARC21/slim http://www.loc.gov/standards/marcxml/schema/MARC21slim.xsd">
<leader>     nmb a2200000Iu 4500</leader>
<controlfield tag="008">"030409 2003                        eng  "</controlfield>
<datafield tag="022" ind1="#" ind2="#">
<subfield code="$a">2317-0190</subfield>
</datafield>
<datafield tag="022" ind1="#" ind2="#">
<subfield code="$a">0104-7795</subfield>
</datafield>
<datafield tag="042" ind1=" " ind2=" ">
<subfield code="a">dc</subfield>
</datafield>
<datafield tag="245" ind1="0" ind2="0">
<subfield code="a">Estudo comparativo entre os métodos de estimativa visual e goniometria para avaliação das amplitudes de movimento da articulação do ombro</subfield>
</datafield>  <datafield tag="720" ind1="1" ind2=" ">
<subfield code="a">Andrade, Júnia Amorim</subfield>
<subfield code="u">Universidade Federal de São Paulo</subfield></datafield>
<datafield tag="720" ind1="1" ind2=" ">
<subfield code="a">Leite, Vilnei Mattioli</subfield>
<subfield code="u">Universidade Federal de São Paulo</subfield></datafield>
<datafield tag="720" ind1="1" ind2=" ">
<subfield code="a">Teixeira-Salmela, Luci Fuscaldi</subfield>
<subfield code="u">Universidade Federal de Minas Gerais</subfield><subfield code="0">https://orcid.org/0000-0001-8358-8636</subfield></datafield>
<datafield tag="720" ind1="1" ind2=" ">
<subfield code="a">Araújo, Pola Maria Poli de</subfield>
<subfield code="u">Universidade Federal de São Paulo</subfield></datafield>
<datafield tag="720" ind1="1" ind2=" ">
<subfield code="a">Juliano, Yara</subfield>
<subfield code="u">Universidade de Santo Amaro</subfield></datafield>
<datafield tag="520" ind1=" " ind2=" ">
<subfield code="a"> Objetivo: comparar a utilização das técnicas de estimativa visual e de goniometria para medidas de amplitudes de movimento (ADM´s) do ombro (elevação, extensão, abdução e rotações externa/interna a 90° de abdução) e indicar o melhor procedimento e referência para medidas das ADM’s da articulação do ombro. Métodos: dois profissionais da área de saúde com diferentes experiências na avaliação de ADM’s avaliaram noventa e sete indivíduos normais de ambos os sexos com idade entre 20 a 50 anos, utilizando os métodos de estimativa visual recomendados pela American Academy Orthopaedic Surgeons (AAOS) e o método de goniometria recomendado por Norkin e White (1997). Comparações entre os métodos apresentaram diferenças significativas para todos os movimentos. Conclusões: existem diferenças entre os valores das ADM’s do ombro avaliadas pelo método de estimativa visual da AAOS e os valores obtidos pela goniometria, sugerindo que a goniometria é até o momento, o melhor método para avaliar diferenças discretas entre as medidas. </subfield>
</datafield>
<datafield tag="260" ind1=" " ind2=" ">
<subfield code="b">Faculdade de Medicina, Universidade de São Paulo</subfield>
</datafield>
<dataField tag="260" ind1=" " ind2=" ">
<subfield code="c">2003-04-09 00:00:00</subfield>
</dataField>   <datafield tag="856" ind1=" " ind2=" ">
<subfield code="q">application/pdf</subfield>
</datafield>
<datafield tag="856" ind1="4" ind2="0">
<subfield code="u">https://www.revistas.usp.br/actafisiatrica/article/view/102409</subfield>
</datafield>  <datafield tag="786" ind1="0" ind2=" ">
<subfield code="n">Acta Fisiátrica; v. 10 n. 1 (2003)</subfield>
</datafield>  <datafield tag="546" ind1=" " ind2=" ">
<subfield code="a">por</subfield>
</datafield>   <datafield tag="540" ind1=" " ind2=" ">
<subfield code="a">Copyright (c) 2003 Acta Fisiátrica</subfield>
</datafield>
</record>
</metadata>
</record>