
<record>
<header>
<identifier>oai:revistas.usp.br:article/102416</identifier>
<datestamp>2020-08-01T09:52:18Z</datestamp>
<setSpec>actafisiatrica:Art.+Orig.</setSpec>
<setSpec>driver</setSpec>
</header>
<metadata>
<record xmlns="http://www.loc.gov/MARC21/slim" xmlns:xsi="http://www.w3.org/2001/XMLSchema-instance" xsi:schemaLocation="http://www.loc.gov/MARC21/slim http://www.loc.gov/standards/marcxml/schema/MARC21slim.xsd">
<leader>     nmb a2200000Iu 4500</leader>
<controlfield tag="008">"030409 2003                        eng  "</controlfield>
<datafield tag="022" ind1="#" ind2="#">
<subfield code="$a">2317-0190</subfield>
</datafield>
<datafield tag="022" ind1="#" ind2="#">
<subfield code="$a">0104-7795</subfield>
</datafield>
<datafield tag="042" ind1=" " ind2=" ">
<subfield code="a">dc</subfield>
</datafield>
<datafield tag="245" ind1="0" ind2="0">
<subfield code="a">Terapia Ocupacional e o uso do computador como recurso terapêutico</subfield>
</datafield>  <datafield tag="720" ind1="1" ind2=" ">
<subfield code="a">Watanabe, Marli Kiyoko Fujikawa</subfield>
<subfield code="u">Universidade de São Paulo. Faculdade de Medicina</subfield></datafield>
<datafield tag="720" ind1="1" ind2=" ">
<subfield code="a">Tsukimoto, Denise Rodrigues</subfield>
<subfield code="u">Universidade de São Paulo. Faculdade de Medicina</subfield></datafield>
<datafield tag="720" ind1="1" ind2=" ">
<subfield code="a">Tsukimoto, Gracinda Rodrigues</subfield>
<subfield code="u">Universidade de São Paulo. Faculdade de Medicina</subfield></datafield>
<datafield tag="520" ind1=" " ind2=" ">
<subfield code="a"> Atualmente a tecnologia da informática vem se ampliando para diversas áreas de atuação profissional, inclusive para o campo da Terapia Ocupacional, aonde vem sendo aplicada na prática clínica como modalidade de tratamento. Neste artigo tem-se como objetivo apresentar a atuação do terapeuta ocupacional junto a pessoas com lesão cerebral e lesão medular, utilizando o computador e suas ferramentas e aplicações como recurso terapêutico que potencializa o processo de reabilitação de modo geral. Foram selecionados pacientes em programa de reabilitação que apresentavam dificuldades motoras e percepto-cognitivas, que participaram de atendimentos de Terapia Ocupacional com duração de trinta minutos a uma hora, sendo possível avaliar e documentar a evolução dos pacientes através das atividades realizadas no computador e da utilização de softwares, hardwares e adaptações. Foi possível observar que houve aumento da motivação, melhora das habilidades motoras e percepto-cognitivas, repercutindo de forma positiva no processo de reabilitação como um todo. </subfield>
</datafield>
<datafield tag="260" ind1=" " ind2=" ">
<subfield code="b">Faculdade de Medicina, Universidade de São Paulo</subfield>
</datafield>
<dataField tag="260" ind1=" " ind2=" ">
<subfield code="c">2003-04-09 00:00:00</subfield>
</dataField>   <datafield tag="856" ind1=" " ind2=" ">
<subfield code="q">application/pdf</subfield>
</datafield>
<datafield tag="856" ind1="4" ind2="0">
<subfield code="u">https://www.revistas.usp.br/actafisiatrica/article/view/102416</subfield>
</datafield>  <datafield tag="786" ind1="0" ind2=" ">
<subfield code="n">Acta Fisiátrica; v. 10 n. 1 (2003)</subfield>
</datafield>  <datafield tag="546" ind1=" " ind2=" ">
<subfield code="a">por</subfield>
</datafield>   <datafield tag="540" ind1=" " ind2=" ">
<subfield code="a">Copyright (c) 2003 Acta Fisiátrica</subfield>
</datafield>
</record>
</metadata>
</record>