
<record>
<header>
<identifier>oai:revistas.usp.br:article/102422</identifier>
<datestamp>2020-08-01T09:52:48Z</datestamp>
<setSpec>actafisiatrica:Art.+Orig.</setSpec>
<setSpec>driver</setSpec>
</header>
<metadata>
<record xmlns="http://www.loc.gov/MARC21/slim" xmlns:xsi="http://www.w3.org/2001/XMLSchema-instance" xsi:schemaLocation="http://www.loc.gov/MARC21/slim http://www.loc.gov/standards/marcxml/schema/MARC21slim.xsd">
<leader>     nmb a2200000Iu 4500</leader>
<controlfield tag="008">"030409 2003                        eng  "</controlfield>
<datafield tag="022" ind1="#" ind2="#">
<subfield code="$a">2317-0190</subfield>
</datafield>
<datafield tag="022" ind1="#" ind2="#">
<subfield code="$a">0104-7795</subfield>
</datafield>
<datafield tag="042" ind1=" " ind2=" ">
<subfield code="a">dc</subfield>
</datafield>
<datafield tag="245" ind1="0" ind2="0">
<subfield code="a">O impacto da movimentação passiva contínua no tratamento de pacientes submetidos a artroplastia total do joelho</subfield>
</datafield>  <datafield tag="720" ind1="1" ind2=" ">
<subfield code="a">Teixeira-Salmela, Luci Fuscaldi</subfield>
<subfield code="u">Universidade Federal de Minas Gerais</subfield><subfield code="0">https://orcid.org/0000-0001-8358-8636</subfield></datafield>
<datafield tag="720" ind1="1" ind2=" ">
<subfield code="a">Macedo, Bárbara Gazolla de</subfield>
<subfield code="u">Universidade Federal de Minas Gerais</subfield></datafield>
<datafield tag="720" ind1="1" ind2=" ">
<subfield code="a">Aguiar, Cristina Mendes de</subfield>
<subfield code="u">Universidade Federal de Minas Gerais</subfield></datafield>
<datafield tag="720" ind1="1" ind2=" ">
<subfield code="a">Bahia, Lenise Aparecida</subfield>
<subfield code="u">Universidade Federal de Minas Gerais</subfield></datafield>
<datafield tag="520" ind1=" " ind2=" ">
<subfield code="a"> O objetivo desta revisão bibliográfica foi avaliar evidências da eficácia da movimentação passiva contínua para o ganho de amplitude de movimento em pacientes submetidos a artroplastia total de joelho (ATJ). A movimentação passiva contínua (MPC) tem sido empregada no pós-operatório de ATJ com vários objetivos dentre eles, o aumento da amplitude de movimento do joelho, controle da dor e do edema, redução de incidência de trombose venosa profunda e manipulações do joelho. Na metodologia deste estudo foram selecionados somente ensaios clínicos randomizados que abordassem a utilização da MPC no pós-operatório de ATJ. Os resultados desta revisão foram controversos com relação à utilização da MPC, devido a metodologia de intervenção muito variada dos estudos dificultando a análise da eficácia e de evidência científica. Porém, os resultados foram positivos para o ganho da flexão do joelho, a curto prazo, quando a MPC foi aplicada no pós-operatório imediato. Não houve evidência científica quanto ao ganho de extensão do joelho pela MPC. Portanto, se faz necessário uma sistematização da metodologia dos trabalhos de MPC para avaliar a força de evidência científica deste método. </subfield>
</datafield>
<datafield tag="260" ind1=" " ind2=" ">
<subfield code="b">Faculdade de Medicina, Universidade de São Paulo</subfield>
</datafield>
<dataField tag="260" ind1=" " ind2=" ">
<subfield code="c">2003-04-09 00:00:00</subfield>
</dataField>   <datafield tag="856" ind1=" " ind2=" ">
<subfield code="q">application/pdf</subfield>
</datafield>
<datafield tag="856" ind1="4" ind2="0">
<subfield code="u">https://www.revistas.usp.br/actafisiatrica/article/view/102422</subfield>
</datafield>  <datafield tag="786" ind1="0" ind2=" ">
<subfield code="n">Acta Fisiátrica; v. 10 n. 1 (2003)</subfield>
</datafield>  <datafield tag="546" ind1=" " ind2=" ">
<subfield code="a">por</subfield>
</datafield>   <datafield tag="540" ind1=" " ind2=" ">
<subfield code="a">Copyright (c) 2003 Acta Fisiátrica</subfield>
</datafield>
</record>
</metadata>
</record>