
<record>
<header>
<identifier>oai:revistas.usp.br:article/102428</identifier>
<datestamp>2020-08-01T09:52:29Z</datestamp>
<setSpec>actafisiatrica:Rel.+Caso</setSpec>
<setSpec>driver</setSpec>
</header>
<metadata>
<record xmlns="http://www.loc.gov/MARC21/slim" xmlns:xsi="http://www.w3.org/2001/XMLSchema-instance" xsi:schemaLocation="http://www.loc.gov/MARC21/slim http://www.loc.gov/standards/marcxml/schema/MARC21slim.xsd">
<leader>     nmb a2200000Iu 4500</leader>
<controlfield tag="008">"030409 2003                        eng  "</controlfield>
<datafield tag="022" ind1="#" ind2="#">
<subfield code="$a">2317-0190</subfield>
</datafield>
<datafield tag="022" ind1="#" ind2="#">
<subfield code="$a">0104-7795</subfield>
</datafield>
<datafield tag="042" ind1=" " ind2=" ">
<subfield code="a">dc</subfield>
</datafield>
<datafield tag="245" ind1="0" ind2="0">
<subfield code="a">Gasto energético em paciente amputado transtibial com prótese e muletas</subfield>
</datafield>  <datafield tag="720" ind1="1" ind2=" ">
<subfield code="a">Gaspar, Alexandra Passos</subfield>
<subfield code="u">Universidade Federal de São Paulo</subfield></datafield>
<datafield tag="720" ind1="1" ind2=" ">
<subfield code="a">Ingham, Sheila Jean McNeill</subfield>
<subfield code="u">Universidade Federal de São Paulo</subfield></datafield>
<datafield tag="720" ind1="1" ind2=" ">
<subfield code="a">Chamlian, Therezinha Rosane</subfield>
<subfield code="u">Universidade Federal de São Paulo</subfield></datafield>
<datafield tag="520" ind1=" " ind2=" ">
<subfield code="a"> Pacientes com amputação transtibial têm um maior gasto energético durante a marcha com a prótese, necessitando consumir 20% a mais de oxigênio quando comparados a indivíduos normais na mesma velocidade relativa. Fisher et al. estudaram o gasto energético em pacientes não amputados em uso de muletas em terreno plano e escadas; concluíram que o volume de oxigênio (VO2) destes indivíduos atingia 40% do máximo esperado para os mesmos e que a freqüência cardíaca chegava à 62% da máxima prevista e portanto, que o uso de muletas em pacientes cardiopatas deveria ser feito com restrições. O gasto energético durante a marcha com muletas axilares é aproximadamente duas vezes maior quando comparada à marcha normal. O objetivo deste trabalho é comparar o gasto energético em pacientes amputados de membro inferior com uso de prótese e muletas. O paciente foi avaliado em relação ao gasto energético com prótese e com muletas axilares através do teste de Shuttle. O instrumento para avaliação foi o K4b2Ò, espiromêtro portátil da Cosmed. Nossos dados mostram que o paciente possui menor gasto energético com a prótese e portanto, percorre uma distância maior do que com as muletas. </subfield>
</datafield>
<datafield tag="260" ind1=" " ind2=" ">
<subfield code="b">Faculdade de Medicina, Universidade de São Paulo</subfield>
</datafield>
<dataField tag="260" ind1=" " ind2=" ">
<subfield code="c">2003-04-09 00:00:00</subfield>
</dataField>   <datafield tag="856" ind1=" " ind2=" ">
<subfield code="q">application/pdf</subfield>
</datafield>
<datafield tag="856" ind1="4" ind2="0">
<subfield code="u">https://www.revistas.usp.br/actafisiatrica/article/view/102428</subfield>
</datafield>  <datafield tag="786" ind1="0" ind2=" ">
<subfield code="n">Acta Fisiátrica; v. 10 n. 1 (2003)</subfield>
</datafield>  <datafield tag="546" ind1=" " ind2=" ">
<subfield code="a">por</subfield>
</datafield>   <datafield tag="540" ind1=" " ind2=" ">
<subfield code="a">Copyright (c) 2003 Acta Fisiátrica</subfield>
</datafield>
</record>
</metadata>
</record>