
<record>
<header>
<identifier>oai:revistas.usp.br:article/102441</identifier>
<datestamp>2020-08-03T21:13:14Z</datestamp>
<setSpec>actafisiatrica:Art.+Orig.</setSpec>
<setSpec>driver</setSpec>
</header>
<metadata>
<record xmlns="http://www.loc.gov/MARC21/slim" xmlns:xsi="http://www.w3.org/2001/XMLSchema-instance" xsi:schemaLocation="http://www.loc.gov/MARC21/slim http://www.loc.gov/standards/marcxml/schema/MARC21slim.xsd">
<leader>     nmb a2200000Iu 4500</leader>
<controlfield tag="008">"030809 2003                        eng  "</controlfield>
<datafield tag="022" ind1="#" ind2="#">
<subfield code="$a">2317-0190</subfield>
</datafield>
<datafield tag="022" ind1="#" ind2="#">
<subfield code="$a">0104-7795</subfield>
</datafield>
<datafield tag="042" ind1=" " ind2=" ">
<subfield code="a">dc</subfield>
</datafield>
<datafield tag="245" ind1="0" ind2="0">
<subfield code="a">Musculação e condicionamento aeróbio na performance funcional de hemiplégicos crônicos</subfield>
</datafield>  <datafield tag="720" ind1="1" ind2=" ">
<subfield code="a">Teixeira-Salmela, Luci Fuscaldi</subfield>
<subfield code="u">Universidade Federal de Minas Gerais</subfield></datafield>
<datafield tag="720" ind1="1" ind2=" ">
<subfield code="a">Silva, Priscila Carvalho e</subfield>
</datafield>
<datafield tag="720" ind1="1" ind2=" ">
<subfield code="a">Lima, Renata Cristina Magalhães</subfield>
</datafield>
<datafield tag="720" ind1="1" ind2=" ">
<subfield code="a">Augusto, Ana Cristina Costa</subfield>
</datafield>
<datafield tag="720" ind1="1" ind2=" ">
<subfield code="a">Souza, Aline Cristina de</subfield>
</datafield>
<datafield tag="720" ind1="1" ind2=" ">
<subfield code="a">Goulart, Fátima</subfield>
<subfield code="u">Universidade Federal de Minas Gerais</subfield></datafield>
<datafield tag="520" ind1=" " ind2=" ">
<subfield code="a"> O objetivo do presente estudo foi investigar a performance funcional em indivíduos hemiplégicos crônicos, quando submetidos a um programa de fortalecimento muscular, utilizando a musculação e condicionamento aeróbio. Trinta pacientes foram recrutados na comunidade obedecendo aos critérios de inclusão, e submetidos ao programa de treinamento pré-estabelecido, três vezes por semana, durante 10 semanas. Os pacientes foram avaliados antes e após o treinamento nos seguintes parâmetros funcionais: velocidade de marcha, habilidade para subir escadas, endurance (velocidade máxima e índice de custo fisiológico) e simetria no sentar e levantar. Estatísticas descritivas e testes de normalidade (Shapiro-Wilk) foram utilizadas para todas as variáveis. Testes-t de Student para dados emparelhados foram utilizados para investigar o impacto do treinamento. Melhoras significativas (p&lt;0,001) foram observadas na velocidade de marcha, habilidade para subir escadas e velocidade máxima. Não foram observadas diferenças significativas nas medidas de simetria e índice de custo fisiológico. Os achados demonstraram melhoras significativas nas medidas de performance funcional, após 10 semanas de treinamento, associando musculação e condicionamento aeróbio. </subfield>
</datafield>
<datafield tag="260" ind1=" " ind2=" ">
<subfield code="b">Faculdade de Medicina, Universidade de São Paulo</subfield>
</datafield>
<dataField tag="260" ind1=" " ind2=" ">
<subfield code="c">2003-08-09 00:00:00</subfield>
</dataField>   <datafield tag="856" ind1=" " ind2=" ">
<subfield code="q">application/pdf</subfield>
</datafield>
<datafield tag="856" ind1="4" ind2="0">
<subfield code="u">https://www.revistas.usp.br/actafisiatrica/article/view/102441</subfield>
</datafield>  <datafield tag="786" ind1="0" ind2=" ">
<subfield code="n">Acta Fisiátrica; v. 10 n. 2 (2003)</subfield>
</datafield>  <datafield tag="546" ind1=" " ind2=" ">
<subfield code="a">por</subfield>
</datafield>   <datafield tag="540" ind1=" " ind2=" ">
<subfield code="a">Copyright (c) 2003 Acta Fisiátrica</subfield>
</datafield>
</record>
</metadata>
</record>