
<record>
<header>
<identifier>oai:revistas.usp.br:article/102442</identifier>
<datestamp>2020-08-03T21:13:10Z</datestamp>
<setSpec>actafisiatrica:Art.+Orig.</setSpec>
<setSpec>driver</setSpec>
</header>
<metadata>
<record xmlns="http://www.loc.gov/MARC21/slim" xmlns:xsi="http://www.w3.org/2001/XMLSchema-instance" xsi:schemaLocation="http://www.loc.gov/MARC21/slim http://www.loc.gov/standards/marcxml/schema/MARC21slim.xsd">
<leader>     nmb a2200000Iu 4500</leader>
<controlfield tag="008">"030809 2003                        eng  "</controlfield>
<datafield tag="022" ind1="#" ind2="#">
<subfield code="$a">2317-0190</subfield>
</datafield>
<datafield tag="022" ind1="#" ind2="#">
<subfield code="$a">0104-7795</subfield>
</datafield>
<datafield tag="042" ind1=" " ind2=" ">
<subfield code="a">dc</subfield>
</datafield>
<datafield tag="245" ind1="0" ind2="0">
<subfield code="a">Padrão respiratório em pacientes portadores da doença de parkinson e em idosos assintomáticos</subfield>
</datafield>  <datafield tag="720" ind1="1" ind2=" ">
<subfield code="a">Parreira, Verônica Franco</subfield>
<subfield code="u">Universidade Federal de Minas Gerais</subfield></datafield>
<datafield tag="720" ind1="1" ind2=" ">
<subfield code="a">Guedes, Luciana Ulhôa</subfield>
</datafield>
<datafield tag="720" ind1="1" ind2=" ">
<subfield code="a">Quintão, Dalila Godoy</subfield>
</datafield>
<datafield tag="720" ind1="1" ind2=" ">
<subfield code="a">Silveira, Eduardo Paolineli</subfield>
</datafield>
<datafield tag="720" ind1="1" ind2=" ">
<subfield code="a">Tomich, Georgia Miranda</subfield>
</datafield>
<datafield tag="720" ind1="1" ind2=" ">
<subfield code="a">Sampaio, Rosana Ferreira</subfield>
<subfield code="u">Universidade Federal de Minas Gerais</subfield></datafield>
<datafield tag="720" ind1="1" ind2=" ">
<subfield code="a">Britto, Raquel Rodrigues</subfield>
<subfield code="u">Universidade Federal de Minas Gerais</subfield></datafield>
<datafield tag="720" ind1="1" ind2=" ">
<subfield code="a">Goulart, Fátima</subfield>
<subfield code="u">Universidade Federal de Minas Gerais</subfield></datafield>
<datafield tag="520" ind1=" " ind2=" ">
<subfield code="a"> Objetivo: Caracterizar diferentes componentes do padrão respiratório em pacientes portadores da Doença de Parkinson (DP) e em idosos assintomáticos. Método: Foram estudados 10 pacientes com DP com grau de acometimento III-IV segundo a escala de Hoehn e Yahr e 10 idosos assintomáticos. Variáveis respiratórias analisadas: volume corrente, freqüência respiratória, ventilação minuto, porcentagem do tempo inspiratório, fluxo inspiratório médio, contribuição da caixa torácica e do abdômen para o volume corrente, através da pletismografia respiratória por indutância calibrada. A análise estatística foi feita através do teste t de Student para grupos independentes. Resultados: Os pacientes com DP apresentaram volume corrente e fluxo inspiratório médio menores (p=0,01 e p=0,03 respectivamente), uma freqüência respiratória maior (p=0,03), resultando numa ventilação minuto significativamente menor (p=0,02) comparados aos idosos assintomáticos. Não houve diferença significativa em relação à contribuição da caixa torácica e do abdômen entre os dois grupos. Conclusão: Estes resultados apontaram alterações importantes em diferentes componentes do padrão respiratório em pacientes portadores da DP. </subfield>
</datafield>
<datafield tag="260" ind1=" " ind2=" ">
<subfield code="b">Faculdade de Medicina, Universidade de São Paulo</subfield>
</datafield>
<dataField tag="260" ind1=" " ind2=" ">
<subfield code="c">2003-08-09 00:00:00</subfield>
</dataField>   <datafield tag="856" ind1=" " ind2=" ">
<subfield code="q">application/pdf</subfield>
</datafield>
<datafield tag="856" ind1="4" ind2="0">
<subfield code="u">https://www.revistas.usp.br/actafisiatrica/article/view/102442</subfield>
</datafield>  <datafield tag="786" ind1="0" ind2=" ">
<subfield code="n">Acta Fisiátrica; v. 10 n. 2 (2003)</subfield>
</datafield>  <datafield tag="546" ind1=" " ind2=" ">
<subfield code="a">por</subfield>
</datafield>   <datafield tag="540" ind1=" " ind2=" ">
<subfield code="a">Copyright (c) 2003 Acta Fisiátrica</subfield>
</datafield>
</record>
</metadata>
</record>