
<record>
<header>
<identifier>oai:revistas.usp.br:article/102443</identifier>
<datestamp>2020-08-03T21:13:07Z</datestamp>
<setSpec>actafisiatrica:Art.+Orig.</setSpec>
<setSpec>driver</setSpec>
</header>
<metadata>
<record xmlns="http://www.loc.gov/MARC21/slim" xmlns:xsi="http://www.w3.org/2001/XMLSchema-instance" xsi:schemaLocation="http://www.loc.gov/MARC21/slim http://www.loc.gov/standards/marcxml/schema/MARC21slim.xsd">
<leader>     nmb a2200000Iu 4500</leader>
<controlfield tag="008">"030809 2003                        eng  "</controlfield>
<datafield tag="022" ind1="#" ind2="#">
<subfield code="$a">2317-0190</subfield>
</datafield>
<datafield tag="022" ind1="#" ind2="#">
<subfield code="$a">0104-7795</subfield>
</datafield>
<datafield tag="042" ind1=" " ind2=" ">
<subfield code="a">dc</subfield>
</datafield>
<datafield tag="245" ind1="0" ind2="0">
<subfield code="a">Perfil epidemiológico dos pacientes amputados do Lar Escola São Francisco: estudo comparativo de 3 períodos diferentes</subfield>
</datafield>  <datafield tag="720" ind1="1" ind2=" ">
<subfield code="a">Cassefo, Valéria</subfield>
<subfield code="u">Universidade Federal de São Paulo</subfield></datafield>
<datafield tag="720" ind1="1" ind2=" ">
<subfield code="a">Nacaratto, Daniela Cristina</subfield>
<subfield code="u">Universidade Federal de São Paulo</subfield></datafield>
<datafield tag="720" ind1="1" ind2=" ">
<subfield code="a">Chamlian, Therezinha Rosane</subfield>
<subfield code="u">Universidade Federal de São Paulo</subfield></datafield>
<datafield tag="520" ind1=" " ind2=" ">
<subfield code="a"> Foi realizado um estudo retrospectivo através da revisão de 262 prontuários de pacientes amputados do Lar Escola São Francisco – São Paulo, no período de janeiro de 1998 a dezembro de 2002, com o objetivo de traçar o perfil epidemiológico do serviço. Houve predomínio do sexo masculino (71%), de amputações de membro inferior (85,9%), sendo a acima do joelho predominante (52,4%). A etiologia vascular foi a principal causa de amputação em pacientes com mais de 50 anos (72,9%). Observou-se demora no início da reabilitação (média de 19,6 meses) e que o tempo médio de tratamento (10,7 meses) é maior que o descrito na literatura. Além disso, um número pequeno de pacientes adquire prótese (25,2%). Posteriormente, correlacionamos nossos dados com 02 estudos anteriores realizados neste mesmo serviço, visando comparar os resultados obtidos em três períodos diferentes e observamos progressos no processo de reabilitação dos pacientes amputados atendidos em nossa Instituição. </subfield>
</datafield>
<datafield tag="260" ind1=" " ind2=" ">
<subfield code="b">Faculdade de Medicina, Universidade de São Paulo</subfield>
</datafield>
<dataField tag="260" ind1=" " ind2=" ">
<subfield code="c">2003-08-09 00:00:00</subfield>
</dataField>   <datafield tag="856" ind1=" " ind2=" ">
<subfield code="q">application/pdf</subfield>
</datafield>
<datafield tag="856" ind1="4" ind2="0">
<subfield code="u">https://www.revistas.usp.br/actafisiatrica/article/view/102443</subfield>
</datafield>  <datafield tag="786" ind1="0" ind2=" ">
<subfield code="n">Acta Fisiátrica; v. 10 n. 2 (2003)</subfield>
</datafield>  <datafield tag="546" ind1=" " ind2=" ">
<subfield code="a">por</subfield>
</datafield>   <datafield tag="540" ind1=" " ind2=" ">
<subfield code="a">Copyright (c) 2003 Acta Fisiátrica</subfield>
</datafield>
</record>
</metadata>
</record>