
<record>
<header>
<identifier>oai:revistas.usp.br:article/102453</identifier>
<datestamp>2020-08-03T21:16:23Z</datestamp>
<setSpec>actafisiatrica:Art.+Orig.</setSpec>
<setSpec>driver</setSpec>
</header>
<metadata>
<record xmlns="http://www.loc.gov/MARC21/slim" xmlns:xsi="http://www.w3.org/2001/XMLSchema-instance" xsi:schemaLocation="http://www.loc.gov/MARC21/slim http://www.loc.gov/standards/marcxml/schema/MARC21slim.xsd">
<leader>     nmb a2200000Iu 4500</leader>
<controlfield tag="008">"031209 2003                        eng  "</controlfield>
<datafield tag="022" ind1="#" ind2="#">
<subfield code="$a">2317-0190</subfield>
</datafield>
<datafield tag="022" ind1="#" ind2="#">
<subfield code="$a">0104-7795</subfield>
</datafield>
<datafield tag="042" ind1=" " ind2=" ">
<subfield code="a">dc</subfield>
</datafield>
<datafield tag="245" ind1="0" ind2="0">
<subfield code="a">Envelhecimento e participação social</subfield>
</datafield>  <datafield tag="720" ind1="1" ind2=" ">
<subfield code="a">Azevedo, Mônica Cordeiro de</subfield>
<subfield code="u">Universidade de São Paulo. Faculdade de Medicina</subfield></datafield>
<datafield tag="720" ind1="1" ind2=" ">
<subfield code="a">Gazetta, Maria Luísa Barca</subfield>
<subfield code="u">Universidade de São Paulo. Faculdade de Medicina</subfield></datafield>
<datafield tag="720" ind1="1" ind2=" ">
<subfield code="a">Salimene, Arlete Camargo de Melo</subfield>
<subfield code="u">Universidade de São Paulo. Faculdade de Medicina</subfield></datafield>
<datafield tag="520" ind1=" " ind2=" ">
<subfield code="a"> O presente estudo tem como objetivo conhecer como se processa a participação social dos idosos integrantes do Programa de Atendimento Global na terceira idade da Divisão de Medicina de Reabilitação do Hospital das Clínicas da Faculdade de Medicina da Universidade de São Paulo do ano de 2001. Este é um programa terapêutico que objetiva proporcionar ao idoso a melhoria da capacitação física, psicológica e social. Realizou-se pesquisa quantitativa e qualitativa baseada no Instrumento de Avaliação Social, utilizado pelas assistentes sociais da Divisão, sendo pesquisado um total de dezessete pacientes. O grupo é composto predominantemente por mulheres, que associaram os relacionamentos interpessoais à possibilidade de participação social. A vontade de estar se relacionando com outras pessoas é o principal fator que lhes motiva a procurar atividades. Constata-se que os membros deste grupo podem ser considerados participativos socialmente, segundo os conceitos de participação que sugerem ao indivíduo a busca de novas atividades e relacionamentos com a chegada da terceira idade. </subfield>
</datafield>
<datafield tag="260" ind1=" " ind2=" ">
<subfield code="b">Faculdade de Medicina, Universidade de São Paulo</subfield>
</datafield>
<dataField tag="260" ind1=" " ind2=" ">
<subfield code="c">2003-12-09 00:00:00</subfield>
</dataField>   <datafield tag="856" ind1=" " ind2=" ">
<subfield code="q">application/pdf</subfield>
</datafield>
<datafield tag="856" ind1="4" ind2="0">
<subfield code="u">https://www.revistas.usp.br/actafisiatrica/article/view/102453</subfield>
</datafield>  <datafield tag="786" ind1="0" ind2=" ">
<subfield code="n">Acta Fisiátrica; v. 10 n. 3 (2003)</subfield>
</datafield>  <datafield tag="546" ind1=" " ind2=" ">
<subfield code="a">por</subfield>
</datafield>   <datafield tag="540" ind1=" " ind2=" ">
<subfield code="a">Copyright (c) 2003 Acta Fisiátrica</subfield>
</datafield>
</record>
</metadata>
</record>