
<record>
<header>
<identifier>oai:revistas.usp.br:article/102454</identifier>
<datestamp>2020-08-03T21:16:28Z</datestamp>
<setSpec>actafisiatrica:Art.+Orig.</setSpec>
<setSpec>driver</setSpec>
</header>
<metadata>
<record xmlns="http://www.loc.gov/MARC21/slim" xmlns:xsi="http://www.w3.org/2001/XMLSchema-instance" xsi:schemaLocation="http://www.loc.gov/MARC21/slim http://www.loc.gov/standards/marcxml/schema/MARC21slim.xsd">
<leader>     nmb a2200000Iu 4500</leader>
<controlfield tag="008">"031209 2003                        eng  "</controlfield>
<datafield tag="022" ind1="#" ind2="#">
<subfield code="$a">2317-0190</subfield>
</datafield>
<datafield tag="022" ind1="#" ind2="#">
<subfield code="$a">0104-7795</subfield>
</datafield>
<datafield tag="042" ind1=" " ind2=" ">
<subfield code="a">dc</subfield>
</datafield>
<datafield tag="245" ind1="0" ind2="0">
<subfield code="a">A sexualidade no envelhecer: um estudo com idosos em reabilitação</subfield>
</datafield>  <datafield tag="100" ind1="1" ind2=" ">
<subfield code="a">Silva, Renata Maria Ortiz de</subfield>
<subfield code="u">Universidade de São Paulo. Faculdade de Medicina</subfield></datafield>
<datafield tag="520" ind1=" " ind2=" ">
<subfield code="a"> O objetivo deste estudo descritivo foi caracterizar os participantes do Grupo de Educação a Saúde (GES) da Divisão de Medicina de Reabilitação da Faculdade de Medicina da Universidade de São Paulo (DMRHCFMUSP) quanto à prática de atividade sexual de idosos, identificando as alterações na função sexual e expectativas dos mesmos com relação à sexualidade. Para a coleta de dados utilizou-se instrumento especifico, com três partes, na primeira foram informados dados sócio-demográficos; nas demais partes tanto homens quanto mulheres foram questionados quanto a regiões do corpo onde preferiam a estimulação sexual, a freqüência da atividade sexual e formas de obtenção de prazer. Para os homens foram direcionadas questões específicas sobre ereção, ejaculação. Para mulheres investigou-se a ocorrência de orgasmos e libido, bem como aspectos fisiológicos envolvidos no ato sexual. Nossa amostra foi de 36 pacientes, cuja média de idade era 70 a 75 anos, sendo 31 mulheres (86%). Quanto ao estado civil: 16 eram viúvos (44%) 10 casados (28%); 5 solteiros (14%) e 5 divorciados (14%). Os dados apontam que 12 dos participantes praticam sexo de 0 a 3 vezes por semana.Em relação à freqüência das atividades sexuais 77% participantes julgaram-na satisfatória e 21 afirmaram sentir prazer (81%). O estudo permitiu a verificação das características peculiares da atividade sexual em idosos, servindo como base para investigações clínicas aprofundadas a partir das quais abordagens mais amplas podem ser implementadas. </subfield>
</datafield>
<datafield tag="260" ind1=" " ind2=" ">
<subfield code="b">Faculdade de Medicina, Universidade de São Paulo</subfield>
</datafield>
<dataField tag="260" ind1=" " ind2=" ">
<subfield code="c">2003-12-09 00:00:00</subfield>
</dataField>   <datafield tag="856" ind1=" " ind2=" ">
<subfield code="q">application/pdf</subfield>
</datafield>
<datafield tag="856" ind1="4" ind2="0">
<subfield code="u">https://www.revistas.usp.br/actafisiatrica/article/view/102454</subfield>
</datafield>  <datafield tag="786" ind1="0" ind2=" ">
<subfield code="n">Acta Fisiátrica; v. 10 n. 3 (2003)</subfield>
</datafield>  <datafield tag="546" ind1=" " ind2=" ">
<subfield code="a">por</subfield>
</datafield>   <datafield tag="540" ind1=" " ind2=" ">
<subfield code="a">Copyright (c) 2003 Acta Fisiátrica</subfield>
</datafield>
</record>
</metadata>
</record>
<resumptionToken expirationDate="2023-08-08T14:49:56Z" completeListSize="935" cursor="125">75340f1eb73cdfb554d2c954ef054cfd</resumptionToken>
</ListRecords>
</OAI-PMH> 